<record><leader>00000cas a22000007a 4500</leader><controlfield tag="001">10928154</controlfield><controlfield tag="008">840709d18841892nyuwr ne      0    0eng d</controlfield><datafield ind1=" " ind2=" " tag="010"><subfield code="a">sn 84031346 </subfield></datafield><datafield ind1=" " ind2=" " tag="040"><subfield code="a">NYG</subfield><subfield code="b">eng</subfield><subfield code="c">NYG</subfield><subfield code="d">NPX</subfield><subfield code="d">NYS</subfield><subfield code="d">OCLCQ</subfield><subfield code="d">OCLCF</subfield><subfield code="d">OCLCO</subfield></datafield><datafield ind1=" " ind2=" " tag="042"><subfield code="a">msc</subfield></datafield><datafield ind1="0" ind2="0" tag="245"><subfield code="a">Gouverneur herald-times.</subfield></datafield><datafield ind1="1" ind2="3" tag="246"><subfield code="a">Gouverneur herald times</subfield></datafield><datafield ind1=" " ind2=" " tag="260"><subfield code="a">Gouverneur, N.Y. :</subfield><subfield code="b">H.G. Reynolds,</subfield><subfield code="c">1884-</subfield></datafield><datafield ind1=" " ind2=" " tag="300"><subfield code="a">v. :</subfield><subfield code="b">ill.</subfield></datafield><datafield ind1=" " ind2=" " tag="310"><subfield code="a">Weekly</subfield></datafield><datafield ind1="0" ind2=" " tag="362"><subfield code="a">Vol. 12, no. 13 (June 5, 1884)-</subfield></datafield><datafield ind1="1" ind2=" " tag="362"><subfield code="a">Ceased in May 1892.</subfield><subfield code="z">Cf. Our co. and its people ... St. Lawrence Co., N.Y., 1894.</subfield></datafield><datafield ind1=" " ind2=" " tag="500"><subfield code="a">Editor: J.T. Reynolds.</subfield></datafield><datafield ind1=" " ind2=" " tag="580"><subfield code="a">Merged with: Northern tribune (Gouverneur, N.Y. : 1887), to form: Northern tribune and Gouverneur herald-times. Cf. Our co. and its people ... St. Lawrence Co., N.Y., 1894.</subfield></datafield><datafield ind1=" " ind2=" " tag="500"><subfield code="a">"Republican."</subfield></datafield><datafield ind1=" " ind2="0" tag="651"><subfield code="a">Gouverneur (N.Y.)</subfield><subfield code="v">Newspapers.</subfield></datafield><datafield ind1=" " ind2="0" tag="651"><subfield code="a">Saint Lawrence County (N.Y.)</subfield><subfield code="v">Newspapers.</subfield></datafield><datafield ind1=" " ind2="7" tag="655"><subfield code="a">Newspapers.</subfield><subfield code="2">fast</subfield><subfield code="0">(OCoLC)fst01423814</subfield></datafield><datafield ind1=" " ind2="7" tag="651"><subfield code="a">New York (State)</subfield><subfield code="z">Gouverneur.</subfield><subfield code="2">fast</subfield><subfield code="0">(OCoLC)fst01221346</subfield></datafield><datafield ind1=" " ind2="7" tag="651"><subfield code="a">New York (State)</subfield><subfield code="z">Saint Lawrence County.</subfield><subfield code="2">fast</subfield><subfield code="0">(OCoLC)fst01202920</subfield></datafield><datafield ind1="1" ind2=" " tag="700"><subfield code="a">Reynolds, Jesse T.</subfield></datafield><datafield ind1=" " ind2=" " tag="752"><subfield code="a">United States</subfield><subfield code="b">New York</subfield><subfield code="c">Saint Lawrence</subfield><subfield code="d">Gouverneur.</subfield></datafield><datafield ind1="0" ind2="0" tag="780"><subfield code="t">Gouverneur herald, and the Gouverneur times</subfield><subfield code="w">(DLC)sn 83031341</subfield></datafield><datafield ind1="1" ind2="7" tag="785"><subfield code="t">Northern tribune (Gouverneur, N.Y. : 1887)</subfield><subfield code="w">(DLC)dn 87070442</subfield><subfield code="w">(OCoLC)17015641</subfield></datafield><datafield ind1="1" ind2="7" tag="785"><subfield code="t">Northern tribune and Gouverneur herald-times</subfield><subfield code="w">(DLC)sn 87070441</subfield><subfield code="w">(OCoLC)17015704</subfield></datafield></record>